@article{Sanders:2005,
  title={A method for aligning trans-tibial residual limb shapes so as to identify regions of shape change},
  author={Zachariah, Santosh G. and Sorenson, Elizabeth and Sanders, Joan E.},
  journal={IEEE Transactions on Neural Systems and Rehabilitation Engineering},
  volume={13},
  number={4},
  pages={551--557},
  year={2005}
}

@article{Dickinson:2016,
  title={Registering a methodology for imaging and analysis of residual-limb shape after transtibial amputation},
  author={Dickinson, Alexander S and Steer, Joshua W and Woods, Christopher J and Worsley, Peter R},
  journal={Journal of rehabilitation research and development},
  volume={53},
  number={2},
  pages={207--218},
  year={2016}
}

@inproceedings{Dickinson:APOSM,
  title={Assessing and benchmarking low cost 3D scanners for transtibial prosthetic socket design},
  author={Dickinson, A S and Donovan-Hall, M K and Srors, S and Bou, K and Tech, A and Steer, J W and Metcalf, C D and Kheng, S and Worsley, P R},
  booktitle={Asian Prosthetics and Orthotics Scientific Meeting},
  year={2018},
  place={Bangkok, Thailand}
}

@inproceedings{Steer:AOPA,
  title={Comparing residuum-socket interface pressure and soft tissue deformations for three transtibial trial socket designs},
  author={Steer, Joshua and Blab, Florian and Worsley, Peter and Browne, Martin and Ganter, Herbert and Dickinson, Alex},
  booktitle={AOPA World Congress},
  year={2017},
  place={Las Vegas, USA}
}

@inproceedings{Steer:ISPO,
  title={AmpScan: Open-source 3D scan shape analysis for prosthetics and orthotics},
  author={Steer, J. and Worsley, P. and Stocks, O. and Animashaun, O. and Dickinson, A.},
  booktitle={Prosthetics and Orthotics International},
  year={2019},
  place={Kobe, Japan}
}

@article{Steer:BMMB,
  title={Predictive prosthetic socket design. Part 1: population-based evaluation of transtibial prosthetic sockets by FEA-driven surrogate modelling},
  author={Steer, Joshua W and Browne, Martin and Worsley, Peter R and Dickinson, Alexander S},
  journal={Biomechanics and Modeling in Mechanobiology},
  year={2019}
}
